% Encoding: UTF-8

@unpublished{Khan2016Distributed,
	author        = {Khan, Amin M and Vila{\c{c}}a, Xavier and Rodrigues, Luis and Freitag, Felix},
	Note          = {arXiv preprint {\tt arXiv:1604.07259 [cs.GT]}},
	Title         = {{A Distributed Auctioneer for Resource Allocation in Decentralized Systems}},
	Year          = {2016},
    month 		  = apr,
	archivePrefix = "arXiv",
    eprint        = "1604.07259",
    primaryClass  = "cs.GT",
	url-comment   = {http://arxiv.org/abs/1604.07259}
}

@InProceedings{Abraham:06,
  author    = {Abraham, Ittai and Dolev, Danny and Gonen, Rica and Halpern, Joe},
  title     = {{Distributed Computing Meets Game Theory: Robust Mechanisms for Rational Secret Sharing and Multiparty Computation}},
  booktitle = {Proceedings of the 25th Annual ACM Symposium on Principles of Distributed Computing (PODC)},
  year      = {2006},
  pages     = {53--62},
  address   = {Denver (CO), USA},
  month     = jul,
  publisher = {ACM},
}

@InProceedings{Abraham:13,
  author    = {Abraham, Ittai and Dolev, Danny and Halpern, Joseph Y.},
  title     = {{Distributed Protocols for Leader Election: A Game-Theoretic Perspective}},
  booktitle = {{Proceedings of the 27th International Symposium on Distributed Computing (DISC)}},
  year      = {2013},
  pages     = {61--75},
  address   = {Jerusalem, Israel},
  month     = oct,
  doi       = {10.1007/978-3-642-41527-2_5},
  url       = {http://link.springer.com/chapter/10.1007/978-3-642-41527-2_5},
}

@InProceedings{Afek:14,
  author    = {Afek, Yehuda and Ginzberg, Yehonatan and Landau Feibish, Shir and Sulamy, Moshe},
  title     = {{Distributed Computing Building Blocks for Rational Agents}},
  booktitle = {Proceedings of the 2014 ACM Symposium on Principles of Distributed Computing (PODC)},
  year      = {2014},
  pages     = {406--415},
  address   = {Paris, France},
  month     = jul,
  publisher = {ACM},
  doi       = {10.1145/2611462.2611481},
}

@Article{Aiyer2005,
  Title                    = {{BAR fault tolerance for cooperative services}},
  Author                   = {Aiyer, Amitanand S. and Alvisi, Lorenzo and Clement, Allen and Dahlin, Mike and Martin, Jean-Philippe and Porth, Carl},
  Journal                  = {ACM SIGOPS Operating Systems Review},
  Year                     = {2005},

  Month                    = oct,
  Number                   = {5},
  Pages                    = {45},
  Volume                   = {39},

  Doi                      = {10.1145/1095809.1095816},
  ISBN                     = {1595930795},
  ISSN                     = {01635980},
  Url                      = {http://portal.acm.org/citation.cfm?doid=1095809.1095816}
}

@InProceedings{Baig2015Cloudy,
  author =     {Baig, Roger and Carbajales, Rodrigo and Escrich, Pau and Florit, Jorge and Freitag, Felix and Moll, Agusti and Navarro, Leandro and Pietrosemoli, Ermanno and Pueyo, Roger and Selimi, Mennan and Vlassov, Vladimir and Zennaro, Marco},
  title =      {{The cloudy distribution in community network clouds in Guifi.net}},
  booktitle =  {2015 IFIP/IEEE International Symposium on Integrated Network Management (IM)},
  year =       {2015},
  publisher =  {IEEE},
  month =      may,
  pages =      {1161--1162},
  doi =        {10.1109/INM.2015.7140459},
  url =        {http://ieeexplore.ieee.org/lpdocs/epic03/wrapper.htm?arnumber=7140459},
  shorttitle = {Integrated Network Management (IM), 2015 IFIP/IEEE}
}

@Article{Baig2015Guifi,
  author =  {Baig, Roger and Roca, Ramon and Freitag, Felix and Navarro, Leandro},
  title =   {guifi.net, a crowdsourced network infrastructure held in common},
  year =    {2015},
  volume =  {90},
  month =   oct,
  pages =   {150--165},
  issn =    {13891286},
  doi =     {10.1016/j.comnet.2015.07.009},
  url =     {http://linkinghub.elsevier.com/retrieve/pii/S1389128615002327},
  journal = {Computer Networks}
}

@Article{BenYehuda2013,
  author =  {{Agmon Ben-Yehuda}, Orna and Ben-Yehuda, Muli and Schuster, Assaf and Tsafrir, Dan},
  title =   {{Deconstructing Amazon EC2~{S}pot Instance Pricing}},
  year =    {2013},
  volume =  {1},
  number =  {3},
  month =   sep,
  issn =    {21678375},
  doi =     {10.1145/2509413.2509416},
  url =     {http://dl.acm.org/citation.cfm?doid=2509413.2509416},
  journal = {ACM Transactions on Economics and Computation}
}

@Article{Braem2013,
  author    = {Braem, B. and {Baig Vi\~{n}as}, R. and Kaplan, A. L. and Neumann, A. and {Vilata i Balaguer}, I. and Tatum, B. and Matson, M. and Blondia, C. and Barz, C. and Rogge, H. and Freitag, F. and Navarro, L. and Bonicioli, J. and Papathanasiou, S. and Escrich, P.},
  title     = {{A case for research with and on community networks}},
  journal   = {ACM SIGCOMM Computer Communication Review},
  year      = {2013},
  volume    = {43},
  number    = {3},
  pages     = {68--73},
  month     = jul,
  publisher = {ACM},
}

@Article{Buyya2002Economic,
  author =  {Buyya, Rajkumar and Abramson, David and Giddy, Jonathan and Stockinger, Heinz},
  title =   {{Economic models for resource management and scheduling in Grid computing}},
  year =    {2002},
  volume =  {14},
  number =  {13-15},
  month =   nov,
  pages =   {1507--1542},
  issn =    {1532-0626},
  doi =     {10.1002/cpe.690},
  journal = {Concurrency and Computation: Practice and Experience}
}

@Article{Buyya2005,
  Title                    = {{The Grid Economy}},
  Author                   = {Buyya, Rajkumar and Abramson, David and Venugopal, Srikumar},
  Journal                  = {Proceedings of the IEEE},
  Year                     = {2005},

  Month            = mar,
  Number                   = {3},
  Pages            = {698--714},
  Volume                   = {93},

  Doi                      = {10.1109/JPROC.2004.842784},
  ISBN                     = {00189219 (ISSN)},
  ISSN                     = {00189219},
  Language                 = {English},
  Publisher        = {IEEE},
  Url                      = {http://ieeexplore.ieee.org/articleDetails.jsp?arnumber=1398022}
}

@Article{Caton2014,
  Title                    = {{A Social Compute Cloud: Allocating and Sharing Infrastructure Resources via Social Networks}},
  Author                   = {Caton, Simon and Haas, Christian and Chard, Kyle and Bubendorfer, Kris and Rana, Omer F.},
  Journal                  = {IEEE Transactions on Services Computing},
  Year                     = {2014},

  Month            = jul,
  Number                   = {3},
  Pages            = {359--372},
  Volume                   = {7},

  Doi                      = {10.1109/TSC.2014.2303091},
  ISSN                     = {1939-1374},
  Url                      = {http://ieeexplore.ieee.org/lpdocs/epic03/wrapper.htm?arnumber=6727497}
}

@InProceedings{Chen2014,
  Title                    = {{PS-TRUST: Provably secure solution for truthful double spectrum auctions}},
  Author                   = {Chen, Zhili and Huang, Liusheng and Li, Lu and Yang, Wei and Miao, Haibo and Tian, Miaomiao and Wang, Fei},
  Booktitle                = {33rd Annual IEEE International Conference on Computer Communications (INFOCOM'14)},
  Year                     = {2014},

  Address          = {Toronto, Canada},
  Month            = apr,
  Number                   = {1},
  Pages            = {1249--1257},
  Publisher        = {IEEE},

  Doi                      = {10.1109/INFOCOM.2014.6848057},
  ISBN                     = {978-1-4799-3360-0},
  Url                      = {http://ieeexplore.ieee.org/lpdocs/epic03/wrapper.htm?arnumber=6848057}
}

@Misc{ClommunityTestbed,
  title = {{Community Cloud Testbed}},
  url   = {http://wiki.clommunity-project.eu/testbed:start},
}

@InCollection{Dreier2014,
  Title                    = {{Secure Auctions without Cryprography}},
  Author                   = {Dreier, Jannik and Jonker, Hugo and Lafourcade, Pascal},
  Booktitle                = {Fun with Algorithms},
  Year                     = {2014},
  Pages            = {158--170},
  Volume                   = {8496},

  Doi                      = {10.1007/978-3-319-07890-8},
  ISBN                     = {978-3-319-07889-2}
}

@Article{Edelman2007,
  Title                    = {{Internet advertising and the generalized second-price auction: Selling billions of dollars worth of keywords}},
  Author                   = {Edelman, Benjamin and Ostrovsky, Michael and Schwarz, Michael},
  Journal                  = {American Economic Review},
  Year                     = {2007},
  Number                   = {1},
  Pages            = {242--259},
  Volume                   = {97},

  Doi                      = {10.1257/aer.97.1.242},
  ISBN                     = {00028282},
  ISSN                     = {00028282}
}

@Article{Grosu2005,
  author    = {Grosu, Daniel and Chronopoulos, Anthony T.},
  title     = {{Noncooperative load balancing in distributed systems}},
  journal   = {Journal of Parallel and Distributed Computing},
  year      = {2005},
  volume    = {65},
  number    = {9},
  pages     = {1022--1034},
  month     = sep,
  doi       = {10.1016/j.jpdc.2005.05.001},
  issn      = {07437315},
  publisher = {Elsevier},
  url       = {http://www.sciencedirect.com/science/article/pii/S0743731505001152},
}

@Article{Grozev2014,
  author =        {Grozev, Nikolay and Buyya, Rajkumar},
  title =         {{Inter-Cloud architectures and application brokering: Taxonomy and survey}},
  year =          {2014},
  volume =        {44},
  number =        {3},
  issn =          {00380644},
  doi =           {10.1002/spe.2168},
  journal =       {Software: Practice and Experience},
  month = {#mar#},
  pages = {369--390}
}

@Misc{GuifiBcnServices,
  title = {{Guifi.net Barcelon√®s Network Services}},
  url   = {https://guifi.net/en/node/2435/view/services},
}

@InProceedings{Guo2013,
  author    = {Guo, Jian and Liu, Fangming and Zeng, Dan and Lui, John C S and Jin, Hai},
  title     = {{A cooperative game based allocation for sharing data center networks}},
  booktitle = {Proccedings of the 32nd IEEE International Conference on Computer Communications (INFOCOM)},
  year      = {2013},
  pages     = {2139--2147},
  address   = {Turin, Italy},
  month     = apr,
  publisher = {IEEE},
  doi       = {10.1109/INFCOM.2013.6567016},
  isbn      = {978-1-4673-5946-7},
  url       = {http://ieeexplore.ieee.org/lpdocs/epic03/wrapper.htm?arnumber=6567016},
}

@InProceedings{Halpern:04,
  author    = {Halpern, Joseph and Teague, Vanessa},
  title     = {{Rational Secret Sharing and Multiparty Computation: Extended Abstract}},
  booktitle = {Proceedings of the 36th Annual ACM Symposium on Theory of Computing (STOC)},
  year      = {2004},
  pages     = {623--632},
  address   = {Chicago (IL), USA},
  month     = jun,
}

@IEEEtranBSTCTL{IEEEexample:BSTcontrol,
  Ctldash_repeated_names   = {yes},
  Ctlmax_names_forced_etal = {6},
  Ctluse_forced_etal       = {yes}
}

@Article{Khan2006Noncooperative,
  Title                    = {{Non-cooperative, semi-cooperative, and cooperative games-based grid resource allocation}},
  Author                   = {Khan, S.U. and Ahmad, I.},
  Journal                  = {IPDPS},
  Year                     = {2006},
  Pages            = {10 pp.},

  Doi                      = {10.1109/IPDPS.2006.1639358},
  ISBN                     = {1-4244-0054-6},
  Publisher        = {IEEE},
  Shorttitle               = {Parallel and Distributed Processing Symposium, 200},
  Url                      = {http://ieeexplore.ieee.org/lpdocs/epic03/wrapper.htm?arnumber=1639358}
}

@Book{Krishna2009,
  Title                    = {{Auction Theory}},
  Author                   = {Krishna, Vijay},
  Publisher        = {Academic Press},
  Year                     = {2009},

  ISBN                     = {0080922937},
  Pages            = {336},
  Url                      = {https://books.google.com/books?hl=en{\&}lr={\&}id=qW1128ktG1gC{\&}pgis=1}
}

@Article{Lai2004,
  author        = {Lai, Kevin and Rasmusson, Lars and Adar, Eytan and Sorkin, Stephen and Zhang, Li and Huberman, Bernardo A.},
  title         = {{Tycoon: an Implementation of a Distributed, Market-based Resource Allocation System}},
  journal       = {Multiagent and Grid Systems},
  year          = {2004},
  volume        = {1},
  number        = {3},
  pages         = {169--182},
  month         = aug,
  archiveprefix = {arXiv},
  arxivid       = {cs/0412038},
  eprint        = {0412038},
  publisher     = {{IOS} press},
  url           = {http://iospress.metapress.com/index/9DB9JL1N8TVL9U2K.pdf http://arxiv.org/abs/cs/0412038},
}

@InProceedings{Lee2007,
  author    = {Lee, Seungjoon and Levin, Dave and Gopalakrishnan, Vijay and Bhattacharjee, Bobby},
  title     = {{Backbone Construction in Selfish Wireless Networks}},
  booktitle = {{Proceedings of the 2007 ACM International Conference on Measurement and Modeling of Computer Systems (SIGMETRICS)}},
  year      = {2007},
  pages     = {121--132},
  address   = {San Diego (CA), USA},
  month     = jun,
  publisher = {ACM},
  doi       = {10.1145/1254882.1254896},
  isbn      = {978-1-59593-639-4},
  url       = {http://doi.acm.org/10.1145/1254882.1254896},
}

@InCollection{Lipmaa2003,
  Title                    = {{Secure Vickrey Auctions without Threshold Trust}},
  Author                   = {Lipmaa, Helger and Asokan, N. and Niemi, Valtteri},
  Booktitle                = {Financial Cryptography},
  Publisher        = {Springer Berlin Heidelberg},
  Year                     = {2003},
  Number                   = {1},
  Pages            = {87--101},
  Series                   = {Lecture Notes in Computer Science},
  Volume                   = {2357},

  Doi                      = {10.1007/3-540-36504-4{\_}7},
  ISBN                     = {978-3-540-00646-6},
  Url                      = {http://dx.doi.org/10.1007/3-540-36504-4{\_}7 http://eprints.ucl.ac.uk/13398/}
}

@InProceedings{Liu2010,
  author    = {Liu, Zhengye and Dhungel, Prithula and Wu, Di and Zhang, Chao and Ross, Keith W.},
  title     = {{Understanding and Improving Ratio Incentives in Private Communities}},
  booktitle = {Proceedings of the 30th International Conference on Distributed Computing Systems (ICDCS)},
  year      = {2010},
  pages     = {610--621},
  address   = {Genoa, Italy},
  month     = jun,
  publisher = {IEEE},
  doi       = {10.1109/ICDCS.2010.90},
  isbn      = {978-1-4244-7261-1},
  issn      = {1063-6927},
  url       = {http://ieeexplore.ieee.org/articleDetails.jsp?arnumber=5541687},
}

@Article{Lucking-Reiley2000,
  Title                    = {{Vickrey Auctions in Practice: From Nineteenth-Century Philately to Twenty-First-Century E-Commerce}},
  Author                   = {Lucking-Reiley, David},
  Journal                  = {Journal of Economic Perspectives},
  Year                     = {2000},
  Number                   = {3},
  Pages            = {183--192},
  Volume                   = {14},

  Doi                      = {10.1257/jep.14.3.183},
  ISSN                     = {0895-3309}
}

@Article{Lucking-Reiley2000Auctions,
  Title                    = {{Auctions on the Internet: What's Being Auctioned, and How?}},
  Author                   = {Lucking-Reiley, David},
  Journal                  = {The Journal of Industrial Economics},
  Year                     = {2000},
  Number                   = {3},
  Pages            = {227--252},
  Volume                   = {48},

  Url                      = {http://www.jstor.org/stable/117554}
}

@Article{Micali2014,
  Title                    = {{Cryptography miracles, secure auctions, matching problem verification}},
  Author                   = {Micali, Silvio and Rabin, Michael O.},
  Journal                  = {Communications of the ACM},
  Year                     = {2014},
  Pages            = {85--93},
  Volume                   = {57},

  Doi                      = {10.1145/2574871},
  ISSN                     = {00010782},
  Url                      = {http://dl.acm.org/citation.cfm?doid=2556647.2574871 http://cacm.acm.org/magazines/2014/2/171688-cryptography-miracles-secure-auctions-matching-problem-verification/abstract}
}

@Article{Myerson:83,
  Title                    = {Efficient mechanisms for bilateral trading },
  Author                   = {Myerson, R. B. and Satterthwaite, M. A.},
  Journal                  = {Journal of Economic Theory },
  Year                     = {1983},
  Number                   = {2},
  Pages            = {265--281},
  Volume                   = {29}
}

@InProceedings{Nisan2001,
  author    = {Nisan, Noam and Ronen, Amir},
  title     = {{Algorithmic Mechanism Design}},
  booktitle = {Proceedings of the 31st Annual ACM Symposium on Theory of Computing (STOC)},
  year      = {1999},
  pages     = {129--140},
  address   = {Atlanta (GA), USA},
  month     = may,
  publisher = {ACM},
  doi       = {10.1145/301250.301287},
  isbn      = {1581130678},
  issn      = {08998256},
  url       = {http://linkinghub.elsevier.com/retrieve/pii/S089982569990790X http://portal.acm.org/citation.cfm?doid=301250.301287},
}

@InProceedings{Niu2012,
  author    = {Niu, Di and Feng, Chen and Li, Baochun},
  title     = {{Pricing Cloud Bandwidth Reservations under Demand Uncertainty}},
  booktitle = {Proceedings of the 12th ACM SIGMETRICS/PERFORMANCE Joint International Conference on Measurement and Modeling of Computer Systems (SIGMETRICS)},
  year      = {2012},
  pages     = {151--162},
  address   = {London, UK},
  month     = jun,
  publisher = {ACM},
  doi       = {10.1145/2254756.2254776},
  isbn      = {9781450310970},
  url       = {http://dl.acm.org/citation.cfm?doid=2254756.2254776},
}

@Article{Niyato2013,
  Title                    = {{Auction Approaches for Resource Allocation in Wireless Systems: A Survey}},
  Author                   = {Niyato, Dusit},
  Journal                  = {IEEE Communications Surveys {\&} Tutorials},
  Year                     = {2013},
  Number                   = {3},
  Pages            = {1020--1041},
  Volume                   = {15},

  Doi                      = {10.1109/SURV.2012.110112.00125},
  ISSN                     = {1553-877X},
  Shorttitle               = {Communications Surveys {\&} Tutorials, IEEE},
  Url                      = {http://ieeexplore.ieee.org/lpdocs/epic03/wrapper.htm?arnumber=6365159}
}

@InProceedings{Popa2012,
  author    = {Popa, L. and Krishnamurthy, A. and Ratnasamy, S. and Stoica, I.},
  title     = {{FairCloud}: Sharing the Network in Cloud Computing},
  booktitle = {Proceedings of the ACM SIGCOMM 2012 Conference on Applications, Technologies, Architectures, and Protocols for Computer Communication (SIGCOMM)},
  year      = {2012},
  pages     = {187--198},
  address   = {Helsinki, Finland},
  month     = aug,
  publisher = {ACM},
}

@InProceedings{Rajahalme2008,
  Title                    = {{Incentive-compatible caching and peering in data-oriented networks}},
  Author                   = {Rajahalme, Jarno and S{\"{a}}rel{\"{a}}, Mikko and Nikander, Pekka and Tarkoma, Sasu},
  Booktitle                = {ACM CoNEXT '08},
  Year                     = {2008},

  Address          = {New York, New York, USA},
  Month            = dec,
  Publisher        = {ACM Press},

  Doi                      = {10.1145/1544012.1544074},
  ISBN                     = {9781605582108},
  Url                      = {http://dl.acm.org/citation.cfm?id=1544012.1544074}
}

@Article{Riley1981,
  author    = {Riley, John G. and Samuelson, William F},
  title     = {{Optimal Auctions}},
  journal   = {The American Economic Review},
  year      = {1981},
  volume    = {71},
  number    = {3},
  pages     = {381--392},
  month     = jun,
  issn      = {00028282},
  publisher = {American Economic Association},
  url       = {http://www.jstor.org/stable/1802786},
}

@Article{Sandholm2000,
  Title                    = {{Issues in Computational Vickrey Auctions}},
  Author                   = {Sandholm, Tuomas},
  Journal                  = {International Journal of Electronic Commerce},
  Year                     = {2000},
  Number                   = {3},
  Pages            = {1--35},
  Volume                   = {4},

  ISSN                     = {10864415},
  Url                      = {http://www.cs.cmu.edu/afs/cs.cmu.edu/Web/People/sandholm/vickrey.IJEC.pdf}
}

@Article{Satyanarayanan2009,
  Title                    = {{The Case for VM-Based Cloudlets in Mobile Computing}},
  Author                   = {Satyanarayanan, M. and Bahl, P. and Caceres, R. and Davies, N.},
  Journal                  = {IEEE Pervasive Computing},
  Year                     = {2009},

  Month            = oct,
  Number                   = {4},
  Pages            = {14--23},
  Volume                   = {8},

  Doi                      = {10.1109/MPRV.2009.82},
  ISSN                     = {1536-1268},
  Shorttitle               = {Pervasive Computing, IEEE},
  Url                      = {http://ieeexplore.ieee.org/lpdocs/epic03/wrapper.htm?arnumber=5280678}
}

@Article{Selimi2015Cloud,
  author  = {Selimi, Mennan and Khan, Amin M and Dimogerontakis, Emmanouil and Freitag, Felix and Centelles, Roger Pueyo},
  title   = {{Cloud services in the Guifi.net community network}},
  journal = {Computer Networks},
  year    = {2015},
  volume  = {93},
  number  = {P2},
  pages   = {373--388},
  month   = dec,
  doi     = {10.1016/j.comnet.2015.09.007},
  issn    = {13891286},
  url     = {http://linkinghub.elsevier.com/retrieve/pii/S1389128615003175},
}

@InProceedings{Shi:14,
  author    = {Shi, Weijie and Zhang, Linquan and Wu, Chuan and Li, Zongpeng and Lau, Francis C.M.},
  title     = {{An Online Auction Framework for Dynamic Resource Provisioning in Cloud Computing}},
  booktitle = {Proceedings of the 2014 ACM International Conference on Measurement and Modeling of Computer Systems (SIGMETRICS)},
  year      = {2014},
  pages     = {71--83},
  address   = {Austin (TX), USA},
  month     = jun,
  publisher = {ACM},
  doi       = {10.1145/2637364.2591980},
}

@Article{Waldspurger1992,
  author    = {Waldspurger, C.A. and Hogg, T. and Huberman, B.A. and Kephart, J.O. and Stornetta, W.S.},
  title     = {{Spawn: A Distributed Computational Economy}},
  journal   = {IEEE Transactions on Software Engineering},
  year      = {1992},
  volume    = {18},
  number    = {2},
  pages     = {103--117},
  doi       = {10.1109/32.121753},
  issn      = {00985589},
  language  = {English},
  publisher = {IEEE},
  url       = {http://ieeexplore.ieee.org/articleDetails.jsp?arnumber=121753},
}

@InProceedings{Wang:12,
  author    = {Wang, Q. and Ren, K. and Meng, X.},
  title     = {{When Cloud Meets eBay: Towards Effective Pricing for Cloud Computing}},
  booktitle = {Proceedings of the 31st IEEE International Conference on Computer Communications (INFOCOM)},
  year      = {2012},
  pages     = {936--944},
  address   = {Orlando (FL), USA},
  month     = mar,
  publisher = {IEEE},
}

@InProceedings{Xiao2013,
  author    = {Xiao, Yong and Huang, Jianwei and Yuen, Chau and DaSilva, Luiz A.},
  title     = {{Fairness and efficiency tradeoffs for user cooperation in distributed wireless networks}},
  booktitle = {Proceedings of the 32nd IEEE International Conference on Computer Communications (INFOCOM)},
  year      = {2013},
  pages     = {285--289},
  address   = {Turin, Italy},
  month     = apr,
  publisher = {IEEE},
  doi       = {10.1109/INFCOM.2013.6566780},
  isbn      = {978-1-4673-5946-7},
  url       = {http://ieeexplore.ieee.org/lpdocs/epic03/wrapper.htm?arnumber=6566780},
}

@Misc{ZeroMQ,
  Title                    = {{\O{}MQ}},

  Url                      = { http://zeromq.org/community}
}

@InProceedings{Zhang:13,
  author    = {Zhang, H. and Li, B. and Jiang, H. and Liu, F. and Vasilakos, A.V. and Liu, J.},
  title     = {{A Framework for Truthful Online Auctions in Cloud Computing with Heterogeneous User Demands}},
  booktitle = {Proceedings of the 32nd IEEE International Conference on Computer Communications (INFOCOM)},
  year      = {2013},
  pages     = {1510--1518},
  address   = {Turin, Italy},
  month     = apr,
  publisher = {IEEE},
}

@InProceedings{Zhang:14,
  author    = {Zhang, L. and Li, Z. and Wu, C.},
  title     = {{Dynamic Resource Provisioning in Cloud Computing: A Randomized Auction Approach}},
  booktitle = {Proceedings of the 33rd IEEE International Conference on Computer Communications (INFOCOM)},
  year      = {2014},
  pages     = {433--441},
  address   = {Toronto, Canada},
  month     = apr,
  publisher = {IEEE},
}

@InProceedings{Zhang2015Truthful,
  author    = {Zhang, Xiaoxi and Wu, Chuan and Li, Zongpeng and Lau, Francis C M},
  title     = {{A Truthful $(1-\epsilon)$-Optimal Mechanism for On-demand Cloud Resource Provisioning}},
  booktitle = {Proceedings of the 2015 IEEE Conference on Computer Communications (INFOCOM)},
  year      = {2015},
  pages     = {1053--1061},
  address   = {Hong Kong},
  month     = apr,
  publisher = {IEEE},
  doi       = {10.1109/INFOCOM.2015.7218478},
}

@Article{Zheng2014Star,
  author =        {Zheng, Z. and Gui, Y. and Wu, F. and Chen, G.},
  title =         {{STAR: Strategy-Proof Double Auctions for Multi-Cloud, Multi-Tenant Bandwidth Reservation}},
  year =          {2014},
  volume =        {64},
  number =        {7},
  journal =       {IEEE Transactions on Computers},
  pages = {2071 -- 2083}
}

@InProceedings{Zhou2008,
  author    = {Zhou, Xia and Gandhi, Sorabh and Suri, Subhash and Zheng, Haitao},
  title     = {{eBay in the Sky: Strategy-proof Wireless Spectrum Auctions}},
  booktitle = {Proceedings of the 14th Annual International Conference on Mobile Computing and Networking (MobiCom)},
  year      = {2008},
  pages     = {2--13},
  address   = {San Francisco (CA), USA},
  month     = sep,
  publisher = {ACM},
  doi       = {10.1145/1409944.1409947},
  isbn      = {9781605580968},
  url       = {http://dl.acm.org/citation.cfm?id=1409944.1409947 http://portal.acm.org/citation.cfm?doid=1409944.1409947},
}

@InProceedings{Zhou2014,
  Title                    = {{Auction-based bandwidth allocation and scheduling in noncooperative wireless networks}},
  Author                   = {Zhou, Haojie and Leung, Ka-Cheong and Li, Victor O. K.},
  Booktitle                = {IEEE International Conference on Communications (ICC 2014)},
  Year                     = {2014},

  Address          = {Sydney, Australia},
  Month            = jun,
  Pages            = {2556--2561},
  Publisher        = {IEEE},

  Doi                      = {10.1109/ICC.2014.6883708},
  ISBN                     = {978-1-4799-2003-7},
  Url                      = {http://ieeexplore.ieee.org/lpdocs/epic03/wrapper.htm?arnumber=6883708}
}

@Article{Zhu2012,
  Title                    = {{Designing Truthful Spectrum Auctions for Multi-hop Secondary Networks}},
  Author                   = {Zhu, Y. and Li, B. and Li, Z.},
  Journal                  = {IEEE Trans. on Mobile Computing},
  Year                     = {2012},
  Number                   = {2},
  Pages            = {316--327},
  Volume                   = {14}
}

@Comment{jabref-meta: databaseType:bibtex;}
